<record><leader>00000cas a2200000 a 4500</leader><controlfield tag="001">12674734</controlfield><controlfield tag="007">hd afu---buuu</controlfield><controlfield tag="008">851015d19371954nbudn nea     0    0eng d</controlfield><datafield ind1=" " ind2=" " tag="010"><subfield code="a">sn 95073438 </subfield></datafield><datafield ind1=" " ind2=" " tag="040"><subfield code="a">KEU</subfield><subfield code="b">eng</subfield><subfield code="c">KEU</subfield><subfield code="d">NVG</subfield><subfield code="d">OCL</subfield><subfield code="d">OCLCQ</subfield><subfield code="d">OCLCF</subfield><subfield code="d">OCLCO</subfield></datafield><datafield ind1="1" ind2=" " tag="029"><subfield code="a">AU@</subfield><subfield code="b">000012206169</subfield></datafield><datafield ind1=" " ind2=" " tag="042"><subfield code="a">msc</subfield></datafield><datafield ind1=" " ind2=" " tag="043"><subfield code="a">n-us-nb</subfield></datafield><datafield ind1="0" ind2=" " tag="130"><subfield code="a">Morning world-herald (Omaha, Neb. : 1937)</subfield></datafield><datafield ind1="1" ind2="0" tag="245"><subfield code="a">Morning world-herald</subfield><subfield code="h">[microform].</subfield></datafield><datafield ind1=" " ind2=" " tag="260"><subfield code="a">Omaha, Neb. :</subfield><subfield code="b">[World Pub. Co.],</subfield><subfield code="c">1937-1954.</subfield></datafield><datafield ind1=" " ind2=" " tag="300"><subfield code="a">18 v. ;</subfield><subfield code="c">56 cm.</subfield></datafield><datafield ind1=" " ind2=" " tag="310"><subfield code="a">Daily (except Sun.)</subfield></datafield><datafield ind1="0" ind2=" " tag="362"><subfield code="a">72nd year, no. 282 (Aug. 25, 1937)-89th year, no. 313 (Oct. 1, 1954).</subfield></datafield><datafield ind1=" " ind2=" " tag="580"><subfield code="a">Evening ed.: Evening world-herald (Omaha, Neb. : 1937).</subfield></datafield><datafield ind1=" " ind2=" " tag="580"><subfield code="a">Sunday ed.: Sunday world-herald (Omaha, Neb. : 1937).</subfield></datafield><datafield ind1=" " ind2=" " tag="580"><subfield code="a">Split into: Omaha world-herald (Omaha, Neb. : 1954 : Sunrise ed.); and: Omaha world-herald (Omaha, Neb. : 1954 : Iowa ed.).</subfield></datafield><datafield ind1=" " ind2=" " tag="533"><subfield code="a">Microfilm.</subfield><subfield code="b">Cleveland, Ohio :</subfield><subfield code="c">Bell &amp; Howell Micro Photo Div.,</subfield><subfield code="d">[19--].</subfield><subfield code="e">microfilm reels ; 35 mm.</subfield></datafield><datafield ind1=" " ind2="0" tag="651"><subfield code="a">Omaha (Neb.)</subfield><subfield code="v">Newspapers.</subfield></datafield><datafield ind1=" " ind2="7" tag="655"><subfield code="a">Newspapers.</subfield><subfield code="2">fast</subfield><subfield code="0">(OCoLC)fst01423814</subfield></datafield><datafield ind1=" " ind2="7" tag="651"><subfield code="a">Nebraska</subfield><subfield code="z">Omaha.</subfield><subfield code="2">fast</subfield><subfield code="0">(OCoLC)fst01204995</subfield></datafield><datafield ind1=" " ind2=" " tag="752"><subfield code="a">United States</subfield><subfield code="b">Nebraska</subfield><subfield code="c">Douglas</subfield><subfield code="d">Omaha.</subfield></datafield><datafield ind1="1" ind2=" " tag="775"><subfield code="t">Evening world-herald (Omaha, Neb. : 1937)</subfield></datafield><datafield ind1="1" ind2=" " tag="775"><subfield code="t">Sunday world-herald (Omaha, Neb. : 1937)</subfield></datafield><datafield ind1="1" ind2=" " tag="776"><subfield code="c">Original</subfield><subfield code="w">(DLC)sn 83045766</subfield></datafield><datafield ind1="0" ind2="0" tag="780"><subfield code="t">Omaha world-herald (Omaha, Neb. : 1928 : Morning ed.)</subfield><subfield code="w">(DLC)sn 95073435</subfield></datafield><datafield ind1="0" ind2="5" tag="780"><subfield code="t">Omaha morning bee-news</subfield></datafield><datafield ind1="1" ind2="6" tag="785"><subfield code="t">Omaha world-herald (Omaha, Neb. : 1954 : Sunrise ed.)</subfield><subfield code="w">(DLC)sn 95073445</subfield></datafield><datafield ind1="1" ind2="6" tag="785"><subfield code="t">Omaha world-herald (Omaha, Neb. : 1954 : Iowa ed.)</subfield></datafield></record>